@article{SUN2023100048,
title = {Human-AI interaction},
journal = {Data and Information Management},
volume = {7},
number = {3},
pages = {100048},
year = {2023},
note = {Special Issue on Human-AI Interaction},
issn = {2543-9251},
doi = {https://doi.org/10.1016/j.dim.2023.100048},
url = {https://www.sciencedirect.com/science/article/pii/S2543925123000220},
author = {Yongqiang Sun and Xiao-Liang Shen and Kem Z.K. Zhang}
}