@article{10.1145/3486941,
author = {van Berkel, Niels and Skov, Mikael B. and Kjeldskov, Jesper},
title = {Human-AI interaction: intermittent, continuous, and proactive},
year = {2021},
issue_date = {November - December 2021},
publisher = {Association for Computing Machinery},
address = {New York, NY, USA},
volume = {28},
number = {6},
issn = {1072-5520},
url = {https://doi.org/10.1145/3486941},
doi = {10.1145/3486941},
journal = {Interactions},
month = nov,
pages = {67â€“71},
numpages = {5}
}