@INPROCEEDINGS{10555683,
  author={Bonny, Justin W. and Wynne, Kevin T.},
  booktitle={2024 IEEE 4th International Conference on Human-Machine Systems (ICHMS)}, 
  title={Increasing Human-Likeness and Acceptance of Conversational Autonomy through Experience}, 
  year={2024},
  volume={},
  number={},
  pages={1-6},
  keywords={Instruments;Human-machine systems;Natural languages;Oral communication;Chatbots;Autonomous agents;Artificial intelligence;human-autonomy teaming;artificial intelligence;generative AI;trust;ChatGPT},
  doi={10.1109/ICHMS59971.2024.10555683}}
